@BOOK{LeVeque03,
  title = {Finite Volume Methods for Hyperbolic Problems},
  publisher = {Cambridge University Press},
  year = {2003},
  author = {Randall J. LeVeque},
  owner = {hfschwa},
  timestamp = {2007.03.14}
}


@Article{Mastin12,
  Title                    = {Injection, transport, and deposition of ash during event 5 at {Mount Redoubt, March} 23, 2009},
  author = {Larry G. Mastin and Hans Schwaiger and David Schneider and Kristi
        Wallace and Janet Schaefer and Roger Denlinger},
  Journal                  = {Journal of Volcanology and Geothermal Research},
  Year                     = {2012},
  Note                     = {in press},
}

@Article{Schwaiger12,
  Title                    = {Ash3d: A finite-volume, conservative numerical model for ash transport and tephra deposition},
  Author                   = {Hans F. Schwaiger and Roger P. Denlinger and Larry G. Mastin},
  Journal                  = {Journal of Geophysical Research},
  Year                     = {2012},
  Volume                   = {117},
  Doi                      = {10.1029/2011JB008968},
  Eid                      = {B04204},
}

@InCollection{Carey96,
  Title                    = {Modeling of tephra fallout from explosive eruptions},
  Author                   = {S. N. Carey},
  Booktitle                = {Monitoring and mitigation of volcano hazards},
  Publisher                = {Springer Berlin/Heidelberg},
  Year                     = {1996},
  Editor                   = {Roberto Scarpa and Robert I Tilling},
  Pages                    = {429--461},
}

@InCollection{Suzuki83,
  Title                    = {A theoretical model for dispersion of tephra},
  Author                   = {Takeo Suzuki},
  Booktitle                = {Arc Volcanism: Physics and Tectonics},
  Publisher                = {Terra Scientific Publishing Company},
  Year                     = {1983},
  Editor                   = {D. Shimozuru and I. Yokoyama},
  Pages                    = {95--113},
}

@BOOK{Seinfeld06,
  title = {Atmospheric Chemistry and Physics: From Air Pollution to Climate
        Change},
  publisher = {Wiley-Interscience},
  year = {2006},
  author = {John H. Seinfeld and Spyros N. Pandis},
  edition = {2},
}

@ARTICLE{Wilson79,
  author = {Wilson, L and Huang, T C},
  title = {The influence of shape on the atmospheric settling velocity of volcanic
        ash particles},
  journal = {Earth and Planetary Science Letters},
  year = {1979},
  volume = {44},
  pages = {311--324},
  number = {2},
  doi = {10.1016/0012-821X(79)90179-1},
}

@ARTICLE{Ganser93,
  author = {Gary H. Ganser},
  title = {A rational approach to drag prediction of spherical and nonspherical
        particles},
  journal = {Powder Technology},
  year = {1993},
  volume = {77},
  pages = {143--152},
  number = {2},
  doi = {10.1016/0032-5910(93)80051-B},
}

@ARTICLE{Pfeiffer05,
  author = {T. Pfeiffer and A. Costa and G. Macedonio},
  title = {A model for the numerical simulation of tephra fall deposits},
  journal = {Journal of Volcanology and Geothermal Research},
  year = {2005},
  volume = {140},
  pages = {273--294},
  number = {4},
  doi = {10.1016/j.jvolgeores.2004.09.001},
}

@ARTICLE{Mastin09a,
  author = {L.G. Mastin and M. Guffanti and R. Servranckx and P. Webley and S.
        Barsotti and K. Dean and A. Durant and J.W. Ewert and A. Neri and
        W.I. Rose and D. Schneider and L. Siebert and B. Stunder and G. Swanson
        and A. Tupper and A. Volentik and C.F. Waythomas},
  title = {A multidisciplinary effort to assign realistic source parameters
        to models of volcanic ash-cloud transport and dispersion during eruptions},
  journal = {Journal of Volcanology and Geothermal Research},
  year = {2009},
  volume = {186},
  pages = {10--21},
  number = {1},
  doi = {10.1016/j.jvolgeores.2009.01.008},
}

@TechReport{Mastin09b,
  Title                    = {Preliminary spreadsheet of eruption source parameters for volcanoes of the world},
  Author                   = {L.G. Mastin and M. Guffanti and J.W. Ewert  and J. Spiegel},
  Institution              = {U.S. Geological Survey},
  Year                     = {2009},
  Number                   = {2009-1133},
  Type                     = {Open-file Report},
  Url                      = {http://pubs.usgs.gov/of/2009/1133}
}

@TechReport{Mastin13,
  Title                    = {User’s Guide and Reference to the Web Interface of Ash3d—A Three-Dimensional Model for Atmospheric Tephra Transport and Deposition},
  Author                   = {Larry Mastin and Michael J. Randall and Hans F. Schwaiger and Roger P. Denlinger},
  Institution              = {U.S. Geological Survey},
  Year                     = {2013},
  Number                   = {2013-1122},
  Type                     = {Open-file Report},
  Url                      = {http://pubs.usgs.gov/of/2013/1122}
}

@BOOK{Jacobson05,
  title = {Fundamentals of Atmospheric Modeling},
  publisher = {Cambridge University Press},
  year = {2005},
  author = {Mark Z. Jacobson},
  edition = {2},
}

@ARTICLE{Harris12,
  author = {A.J.L. Harris and L. Gurioli and E.E. Hughes and S. Lagreulet},
  title = {Impact of the Eyjafjallaj\"okull ash cloud: A newspaper perspectiv},
  journal = {Journal of Geophysical Research},
  year = {2012},
  Volume                   = {117},
  Doi                      = {10.1029/2011jb008735},
  Eid                      = {B00C08},
}

@BOOK{Bird60,
  title = {Transport Phenomena},
  publisher = {John Wiley and Sons},
  year = {1960},
  author = {R.Byron Bird and Warren E. Stewart and Edwin N. Lightfoot},
}

